%% This BibTeX bibliography file was created using BibDesk.
%% http://bibdesk.sourceforge.net/


%% Created for Csaba at 2013-06-25 12:59:27 -0600 


%% Saved with string encoding Unicode (UTF-8) 

@book{stewart1990matrix,
  title={Matrix perturbation theory},
  author={Stewart, G.W. and Ji-guang Sun},
  isbn={9780126702309},
  lccn={lc90033378},
  series={Computer science and scientific computing},
  url={http://books.google.ca/books?id=l78PAQAAMAAJ},
  year={1990},
  publisher={Academic Press}
}

@article{DHsu2012,
  author    = {Daniel Hsu and
               Sham M. Kakade},
  title     = {Learning Gaussian Mixture Models: Moment Methods and Spectral
               Decompositions},
  journal   = {CoRR},
  volume    = {abs/1206.5766},
  year      = {2012},
  ee        = {http://arxiv.org/abs/1206.5766},
  bibsource = {DBLP, http://dblp.uni-trier.de}
}