%% This BibTeX bibliography file was created using BibDesk.
%% http://bibdesk.sourceforge.net/


%% Created for Csaba at 2013-10-22 18:33:30 +0300 


%% Saved with string encoding Unicode (UTF-8) 



@article{Bir31,
	Author = {Birkhoff, G. D.},
	Booktitle = {Birkhoff, G. D. (1931). "Proof of the ergodic theorem". Proc. Natl. Acad. Sci. U.S.A. 17 (12): 656--660},
	Date-Added = {2013-10-22 18:32:42 +0300},
	Date-Modified = {2013-10-22 18:33:25 +0300},
	Journal = {Proc. Natl. Acad. Sci.},
	Pages = {656--660},
	Title = {Proof of the ergodic theorem},
	Volume = {17},
	Year = {1931}}

@book{Breiman92,
	Author = {Breiman, L.},
	Booktitle = {Probability},
	Date-Added = {2013-10-22 18:25:21 +0300},
	Date-Modified = {2013-10-22 18:27:10 +0300},
	Publisher = {SIAM},
	Series = {SIAM's Classics in Applied Mathematics},
	Title = {Probability},
	Year = {1992}}

@book{stewart1990matrix,
	Author = {Stewart, G.W. and Sun, {J.-g.}},
	Isbn = {9780126702309},
	Lccn = {lc90033378},
	Publisher = {Academic Press},
	Series = {Computer science and scientific computing},
	Title = {Matrix perturbation theory},
	Url = {http://books.google.ca/books?id=l78PAQAAMAAJ},
	Year = {1990},
	Bdsk-Url-1 = {http://books.google.ca/books?id=l78PAQAAMAAJ}}

@article{DHsu2012,
	Author = {Hsu, D. and Kakade, S.M.},
	Bibsource = {DBLP, http://dblp.uni-trier.de},
	Ee = {http://arxiv.org/abs/1206.5766},
	Journal = {CoRR},
	Title = {Learning {G}aussian Mixture Models: Moment Methods and Spectral Decompositions},
	Volume = {abs/1206.5766},
	Year = {2012}}

@article{aludaat2008note,
	Author = {Aludaat, K.M. and Alodat, M.T.},
	Journal = {Applied Mathematical Sciences},
	Number = {9},
	Pages = {425--429},
	Title = {A note on approximating the normal distribution function},
	Volume = {2},
	Year = {2008}}

@article{HyvOja00,
	Author = {Hyv{\"a}rinen, A. and Oja, E.},
	Bibsource = {DBLP, http://dblp.uni-trier.de},
	Ee = {http://dx.doi.org/10.1016/S0893-6080(00)00026-5},
	Journal = {Neural Networks},
	Number = {4--5},
	Pages = {411--430},
	Title = {Independent component analysis: algorithms and applications},
	Volume = {13},
	Year = {2000}}

@article{Darmois53,
	Author = {Darmois, G.},
	Journal = {Review of the International Statistical Insitute},
	Pages = {2--8},
	Title = {Analyse g\'en\'erale des liaisons stochastiques},
	Volume = {21},
	Year = 1953}

@article{Skitovich53,
	Author = {Skitovich, V.},
	Journal = {Doklady Academii nauk SSSR},
	Pages = {217--219},
	Title = {On a property of the normal distribution},
	Volume = {89},
	Year = 1953}

@article{cramer1936some,
	Author = {Cram{\'e}r, Harald and Wold, Herman},
	Journal = {Journal of the London Mathematical Society},
	Number = {4},
	Pages = {290--294},
	Publisher = {Oxford University Press},
	Title = {Some theorems on distribution functions},
	Volume = {1},
	Year = {1936}}

@book{Dur05,
	Author = {Durrett, R.},
	Edition = {3},
	Publisher = {Thomson},
	Title = {Probability (Theory and Examples)},
	Year = 2005}

@book{AtLa06,
	Author = {Athreya, K.B. and Lahiri, S.N.},
	Publisher = {Springer},
	Title = {Measure Theory and Probability Theory},
	Year = 2006}
	
@article{arora2012provable,
	  title={Provable ICA with unknown Gaussian noise, and implications for Gaussian mixtures and autoencoders},
	  author={Arora, Sanjeev and Ge, Rong and Moitra, Ankur and Sachdeva, Sushant},
	  journal={arXiv preprint arXiv:1206.5349},
	  year={2012}
	}
