%% This BibTeX bibliography file was created using BibDesk.
%% http://bibdesk.sourceforge.net/


%% Created for Csaba at 2013-10-22 18:33:30 +0300 


%% Saved with string encoding Unicode (UTF-8) 

@article{vempala2014max,
  author    = {Vempala, S. and Xiao, Y.},
  title     = {Max vs Min: Independent Component Analysis with nearly Linear Sample Complexity},
  journal   = {CoRR},
  volume    = {abs/1412.2954},
  year      = {2014},
  url       = {http://arxiv.org/abs/1412.2954}
}
@inproceedings{arora2012provable,
		title={Provable {ICA} with unknown Gaussian noise, with implications for Gaussian mixtures and autoencoders},
		author={Arora, S. and Ge, R. and Moitra, A. and Sachdeva, S.},
		booktitle={NIPS},
		pages={2375--2383},
		year={2012}
	}
	


@inproceedings{hsu2013learning,
  title={Learning mixtures of spherical {G}aussians: moment methods and spectral decompositions},
  author={Hsu, D. and Kakade, S. M.},
  booktitle={4th Conference on Innovations in Theoretical Computer Science},
  pages={11--20},
  year={2013},
  organization={ACM}
}

@inproceedings{goyal2014fourier,
  title={Fourier {PCA} and robust tensor decomposition},
  author={Goyal, N. and Vempala, S. and Xiao, Y.},
  booktitle={STOC},
  pages={584--593},
  year={2014},
  organization={ACM}
}

@article{hyvarinen1999fast,
  title={Fast and robust fixed-point algorithms for independent component analysis},
  author={Hyvarinen, A.},
  journal={Neural Networks, IEEE Transactions on},
  volume={10},
  number={3},
  pages={626--634},
  year={1999},
  publisher={IEEE}
}


